@inproceedings{Lawrynowicz:TDDontoTool,
  title = {The {TDDonto} Tool for Test-Driven Development of {DL} Knowledge Bases},
  author = {Agnieszka {\L}awrynowicz and C. Maria Keet},
  booktitle = {29\textsuperscript{th} International Workshop on Description Logics},
  year = 2016,
  _month = apr,
  _editor = {Maurizio Lenzerini and Rafael Pe{\~n}aloza},
  number = 1577,
  series = {CEUR Workshop Proceedings},
  _address = {Aachen},
  issn = {1613-0073},
  venue = {Cape Town, South Africa},
  eventdate = {2016-04-22/2016-04-25},
}

@incollection{Keet:TDDOntologies,
  title = {Test-Driven Development of Ontologies},
  author = {C. Maria Keet and Agnieszka {\L}awrynowicz},
  _editor = {Sack, Harald and Blomqvist, Eva and d'Aquin, Mathieu and Ghidini, Chiara and Ponzetto, Simone Paolo and Lange, Christoph},
  booktitle = {The Semantic Web: Latest Advances and New Domains},
  _booksubtitle = {13th International Conference, ESWC 2016, Heraklion, Crete, Greece, May 29 -- June 2, 2016, Proceedings},
  year = 2016,
  _month = may,
  publisher = {Springer},
  series = {Lecture Notes in Computer Science},
  issn = {0302-9743},
  volume = 9678,
  pages = {642--657},
  isbn = {978-3-319-34129-3},
  doi = {10.1007/978-3-319-34129-3_39},
}

@incollection{Vrandecic:UnitTestsOntologies,
  author = {Vrande{\v{c}}i{\'c}, Denny and Gangemi, Aldo},
  _editor = {Meersman, Robert and Tari, Zahir and Herrero, Pilar},
  title = {Unit Tests for Ontologies},
  booktitle = {On the Move to Meaningful Internet Systems 2006: {OTM} 2006 Workshops},
  _booksubtitle = {OTM Confederated International Workshops and Posters, AWeSOMe, CAMS, COMINF, IS, KSinBIT, MIOS-CIAO, MONET, OnToContent, ORM, PerSys, OTM Academy Doctoral Consortium, RDDS, SWWS, and SeBGIS 2006, Montpellier, France, October 29 - November 3, 2006. Proceedings, Part II},
  year = 2006,
  publisher = {Springer},
  series = {Lecture Notes in Computer Science},
  issn = {0302-9743},
  volume = 4278,
  _address = {Berlin, Heidelberg},
  pages = {1012--1020},
  isbn = {978-3-540-48276-5},
  doi = {10.1007/11915072_2},
}

@inproceedings{Warrender:HowWhatWhyTest,
  author = {Jennifer D. Warrender and Phillip Lord},
  title = {How, What and Why to test an ontology},
  booktitle = {Bio-Ontologies 2015},
  year = 2015,
  _month = jul,
  venue = {Dublin, Ireland},
  eventdate = {2015-07-10/2015-07-11},
}

@article{BernersLee:SemanticWeb,
  title = {The Semantic Web},
  author = {Berners-Lee, Tim and Hendler, James and Lassila, Ora},
  journal = {Scientific American},
  volume = 284,
  number = 5,
  pages = {34--43},
  year = 2001,
}

@article{GeneOntology:GoingForward,
  author = {{Gene Ontology Consortium}},
  title = {Gene Ontology Consortium: going forward},
  journal = {Nucleic Acids Research},
  volume = 43,
  number = {D1},
  pages = {D1049--D1056},
  year = 2015,
  _month = jan,
  doi = {10.1093/nar/gku1179},
}

@online{BBC:LinkedData,
  title = {What did linked data ever do for us anyway?},
  author = {Dan Ramsden},
  year = 2013,
  _month = may,
  url = {http://www.bbc.co.uk/academy/technology/software-engineering/semantic-web/article/art20130720153136618},
  urldate = {2016-05-04},
  howpublished = {\url{http://www.bbc.co.uk/academy/technology/software-engineering/semantic-web/article/art20130720153136618}},
  note = {Accessed 4 May 2016}
}

@incollection{Kaczmarek:EnterpriseModelling,
  author = {Kaczmarek, Monika},
  _editor = {Cuel, Roberta and Young, Robert},
  title = {Ontologies in the Realm of Enterprise Modeling---A Reality Check},
  booktitle = {Formal Ontologies Meet Industry},
  _booksubtitle = {7th International Workshop, FOMI 2015, Berlin, Germany, August 5, 2015, Proceedings},
  year = 2015,
  series = {Lecture Notes in Business Information Processing},
  issn = {1865-1348},
  volume = 225,
  publisher = {Springer International Publishing},
  _address = {Cham},
  pages = {39--50},
  isbn = {978-3-319-21545-7},
  doi = {10.1007/978-3-319-21545-7_4},
}

@article{Iqbal:Methodologies,
  title = {An Analysis of Ontology Engineering Methodologies: A Literature Review},
  author = {Iqbal, Rizwan and Murad, Masrah Azrifah Azmi and Mustapha, Aida and Sharef, Nurfadhlina Mohd},
  year = 2013,
  journal = {Research Journal of Applied Sciences, Engineering and Technology},
  volume = 6,
  number = 16,
  pages = {2993--3000},
  publisher = {Maxwell},
  issn = {2040-7467},
  doi = {}
}

@book{Beck:TDD,
  title = {Test-Driven Development: By Example},
  author = {Beck, Kent},
  year = 2003,
  publisher = {Addison-Wesley},
  isbn = {978-0-321-14653-3},
}

@article{Rafique:TDD,
  author = {Yahya Rafique and Vojislav B. Mi{\v{s}}i{\'c}},
  journal = {IEEE Transactions on Software Engineering},
  title = {The Effects of Test-Driven Development on External Quality and Productivity: A Meta-Analysis},
  year = 2013,
  _month = jun,
  volume = 39,
  number = 6,
  pages = {835--856},
  doi = {10.1109/TSE.2012.28},
  issn = {0098-5589},
}

@online{Scone:Bitbucket,
  title = {Scone Project},
  key = {Scone Project},
  url = {https://bitbucket.org/malefort/scone},
  urldate = {2016-05-09},
  howpublished = {\url{https://bitbucket.org/malefort/scone}},
  note = {Accessed 9 May 2016},
}

@online{OWLBGP,
  title = {{OWL-BGP}},
  key = {{OWL-BGP}},
  url = {https://www.uni-ulm.de/en/in/ki/software/owl-bgp.html},
  urldate = {2016-05-09},
  howpublished = {\url{https://www.uni-ulm.de/en/in/ki/software/owl-bgp.html}},
  note = {Accessed 9 May 2016},
}

@incollection{Simperl:Maturity,
  author = {Simperl, Elena and Mochol, Malgorzata and B{\"u}rger, Tobias and Popov, Igor O.},
  _editor = {Meersman, Robert and Dillon, Tharam and Herrero, Pilar},
  title = {Achieving Maturity: The State of Practice in Ontology Engineering in 2009},
  booktitle = {On the Move to Meaningful Internet Systems: {OTM} 2009},
  _booksubtitle = {Confederated International Conferences, CoopIS, DOA, IS, and ODBASE 2009, Vilamoura, Portugal, November 1--6, 2009, Proceedings, Part II},
  year = 2009,
  volume = 5871,
  series = {Lecture Notes in Computer Science},
  issn = {0302-9743},
  publisher = {Springer},
  _address = {Berlin, Heidelberg},
  pages = {983--991},
  isbn = {978-3-642-05151-7},
  doi = {10.1007/978-3-642-05151-7_17},
}

@techreport{W3C:OWL2Syntax,
  author = {Boris Motik and Peter F. Patel-Schneider and Bijan Parsia},
  title = {{OWL} 2 Web Ontology Language Structural Specification and Functional-Style Syntax (Second Edition)},
  year = 2012,
  type = {{W3C} Recommendation},
  institution = {W3C},
}

@online{OWLAPI,
  title = {{OWL} {API}},
  key = {{OWL} {API}},
  url = {http://owlcs.github.io/owlapi/},
  urldate = {2016-11-01},
  howpublished = {\url{http://owlcs.github.io/owlapi/}},
  note = {Accessed 1 November 2016},
}

@article{Glimm:HermiT,
  author = {Glimm, Birte and Horrocks, Ian and Motik, Boris and Stoilos, Giorgos and Wang, Zhe},
  title = {{HermiT}: An {OWL} 2 Reasoner},
  journal = {Journal of Automated Reasoning},
  year = 2014,
  volume = 53,
  number = 3,
  pages = {245--269},
  issn = {1573-0670},
  doi = {10.1007/s10817-014-9305-1},
}

@online{Cucumber,
  title = {Cucumber},
  key = {Cucumber},
  url = {https://cucumber.io/},
  urldate = {2016-11-01},
  howpublished = {\url{https://cucumber.io/}},
  note = {Accessed 1 November 2016},
}

@incollection{Keet:ObjProp,
  author = {Keet, C. Maria},
  _editor = {ten Teije, Annette and V{\"o}lker, Johanna and Handschuh, Siegfried and Stuckenschmidt, Heiner and d'Acquin, Mathieu and Nikolov, Andriy and Aussenac-Gilles, Nathalie and Hernandez, Nathalie},
  title = {Detecting and Revising Flaws in {OWL} Object Property Expressions},
  booktitle = {Knowledge Engineering and Knowledge Management},
  _booksubtitle = {18th International Conference, EKAW 2012, Galway City, Ireland, October 8-12, 2012. Proceedings},
  year = 2012,
  publisher = {Springer},
  _address = {Berlin, Heidelberg},
  pages = {252--266},
  isbn = {978-3-642-33876-2},
  doi = {10.1007/978-3-642-33876-2_23},
  issn = {0302-9743},
  volume = 7603,
  series = {Lecture Notes in Computer Science},
}
