@article{DBLP:journals/corr/KeetL15,
  author    = {C. Maria Keet and Agnieszka Lawrynowicz},
  title     = {Test-Driven Development of ontologies (extended version)},
  journal   = {CoRR},
  volume    = {abs/1512.06211},
  year      = {2015},
  url       = {http://arxiv.org/abs/1512.06211},
  timestamp = {Sat, 02 Jan 2016 11:38:49 +0100},
  biburl    = {http://dblp.uni-trier.de/rec/bib/journals/corr/KeetL15},
  bibsource = {dblp computer science bibliography, http://dblp.org}
}

@inproceedings{DBLP:conf/dlog/LawrynowiczK16,
  author    = {Agnieszka Lawrynowicz and
               C. Maria Keet},
  title     = {The TDDonto Tool for Test-Driven Development of {DL} Knowledge bases},
  booktitle = {Proceedings of the 29th International Workshop on Description Logics,
               Cape Town, South Africa, April 22-25, 2016.},
  year      = {2016},
  crossref  = {DBLP:conf/dlog/2016},
  url       = {http://ceur-ws.org/Vol-1577/paper_15.pdf},
  timestamp = {Wed, 27 Apr 2016 17:57:58 +0200},
  biburl    = {http://dblp.uni-trier.de/rec/bib/conf/dlog/LawrynowiczK16},
  bibsource = {dblp computer science bibliography, http://dblp.org}
}

@proceedings{DBLP:conf/dlog/2016,
  editor    = {Maurizio Lenzerini and
               Rafael Pe{\~{n}}aloza},
  title     = {Proceedings of the 29th International Workshop on Description Logics,
               Cape Town, South Africa, April 22-25, 2016},
  series    = {{CEUR} Workshop Proceedings},
  volume    = {1577},
  publisher = {CEUR-WS.org},
  year      = {2016},
  url       = {http://ceur-ws.org/Vol-1577},
  timestamp = {Wed, 27 Apr 2016 17:57:26 +0200},
  biburl    = {http://dblp.uni-trier.de/rec/bib/conf/dlog/2016},
  bibsource = {dblp computer science bibliography, http://dblp.org}
}

@inproceedings{DBLP:conf/otm/VrandecicG06,
  author    = {Denny Vrandecic and
               Aldo Gangemi},
  title     = {Unit Tests for Ontologies},
  booktitle = {On the Move to Meaningful Internet Systems 2006: {OTM} 2006 Workshops,
               {OTM} Confederated International Workshops and Posters, AWeSOMe, CAMS,
               COMINF, IS, KSinBIT, MIOS-CIAO, MONET, OnToContent, ORM, PerSys, {OTM}
               Academy Doctoral Consortium, RDDS, SWWS, and SeBGIS 2006, Montpellier,
               France, October 29 - November 3, 2006. Proceedings, Part {II}},
  pages     = {1012--1020},
  year      = {2006},
  crossref  = {DBLP:conf/otm/2006-w2},
  url       = {http://dx.doi.org/10.1007/11915072_2},
  doi       = {10.1007/11915072_2},
  timestamp = {Tue, 19 Dec 2006 13:54:15 +0100},
  biburl    = {http://dblp.uni-trier.de/rec/bib/conf/otm/VrandecicG06},
  bibsource = {dblp computer science bibliography, http://dblp.org}
}

@proceedings{DBLP:conf/otm/2006-w2,
  editor    = {Robert Meersman and
               Zahir Tari and
               Pilar Herrero},
  title     = {On the Move to Meaningful Internet Systems 2006: {OTM} 2006 Workshops,
               {OTM} Confederated International Workshops and Posters, AWeSOMe, CAMS,
               COMINF, IS, KSinBIT, MIOS-CIAO, MONET, OnToContent, ORM, PerSys, {OTM}
               Academy Doctoral Consortium, RDDS, SWWS, and SeBGIS 2006, Montpellier,
               France, October 29 - November 3, 2006. Proceedings, Part {II}},
  series    = {Lecture Notes in Computer Science},
  volume    = {4278},
  publisher = {Springer},
  year      = {2006},
  isbn      = {3-540-48273-3},
  timestamp = {Tue, 19 Dec 2006 13:52:01 +0100},
  biburl    = {http://dblp.uni-trier.de/rec/bib/conf/otm/2006-w2},
  bibsource = {dblp computer science bibliography, http://dblp.org}
}
